




@article{Eidsvik:2013,
 author               = {Jo Eidsvik and  Benjamin A Shaby and Brian J Reich and Matthew Wheeler and Jarad Niemi},
 journal              = {Journal of Computational and Graphical Statistics},
 volume               = {},
 pages                = {},
 title                = {Estimation and prediction in spatial models with block composite likelihoods},
 year                 = {2013},
 note                 = {In press}
 }

@article{klein-2002a,
  title={Daily dataset of 20th-century surface air temperature and precipitation series for the European Climate Assessment},
  author={Klein Tank, AMG and Wijngaard, JB and K{\"o}nnen, GP and B{\"o}hm, Reinhart and Demar{\'e}e, Gaston and Gocheva, A and Mileta, M and Pashiardis, S and Hejkrlik, L and Kern-Hansen, C and others},
  journal={International Journal of Climatology},
  volume={22},
  number={12},
  pages={1441--1453},
  year={2002},
  publisher={Wiley Online Library}
}
